@article{Jones_1991,
  doi = {10.1080/0954730910280207},
  url = {https://doi.org/10.1080%2F0954730910280207},
  year = {1991},
  month = {may},
  publisher = {Informa {UK} Limited},
  volume = {28},
  number = {2},
  pages = {129--134},
  author = {Robert J.D. Jones},
  title = {{Shaping Educational Technology: Ontario{\textquotesingle}s Educational Computing Initiative}},
  journal = {Educational and Training Technology International},
}
